@Misc{BubbleWiki,
	author = {Přispěvatelé Wikipedie},
	title = {Bublinkové řazení},
	howpublished = {[online]},
	year = {rev. 24.11.2018},
	note = {[vid. 05.05.2019]},
	url = {https://cs.wikipedia.org/w/index.php?title=Bublinkov%C3%A9_%C5%99azen%C3%AD&oldid=16711712},
}

@Misc{TrideniWiki,
	author = {Přispěvatelé Wikipedie},
	title = {Řadící algoritmus},
	howpublished = {[online]},
	year = {rev. 30.10.2018},
	note = {[vid. 05.05.2019]},
	url = {https://cs.wikipedia.org/w/index.php?title=Bublinkov%C3%A9_%C5%99azen%C3%AD&oldid=16711712},
}