@Misc{SazbaWiki,
	author = {Přispěvatelé Wikipedie},
	title = {Sazba},
	howpublished = {[online]},
	year = {rev. 1.10.2018},
	note = {[vid. 14.04.2019]},
	url = {https://cs.wikipedia.org/w/index.php?title=Sazba&oldid=16500523},
}

@Misc{Voit2008,
    title = {Knihtisk 15. a 16. století},
    author = {Petr Voit},
    howpublished = {[online]},
    note = {[vid. 14.04.2009]},
    url = {https://sites.ff.cuni.cz/uisk/wp-content/uploads/sites/62/2016/01/Knihtisk-15.-a-16.-stolet\%C3\%AD_Voit.pdf},
}

@Misc{OlsakTypo,
    author = {Petr Olšák},
    title = {Typografie a bakalářská práce},
    howpublished = {[online]},
    note = {[vid. 14.04.2019]},
    url = {http://petr.olsak.net/typo/typoslidy-bpr.pdf},
}

@Book{Ottova2003,
	title = {Ottova všeobecná encyklopedie ve dvou svazcích},
	publisher = {Ottovo nakladatelství v divizi Cesty},
	address = {Praha},
	year = {2003},
	edition = {1},
	ISBN = {80-7181-959-X},
}

@Book{Steinberg1996,
    title = {Five Hundred Years of Printing},
    author = {S.H. Steinberg},
    publisher = {Oak Knoll Press},
    year = {1996},
    ISBN = {1884718205}
}

@Article{ABCknihtisk,
    author = {Rudolf Baudis},
    title = {Knihtisk},
    journal = {ABC, časopis generace XXI. století},
    volume = {46},
    number = {22},
    year = {2002},
}

@Article{Otazniky2014,
    title = {Vynálezy, které změnily svět},
    journal = {Otazníky historie Speciál},
    number = {1},
    page = {44\,--\,47},
    year = {2014},
}

@Article{Olsak1996,
    author = {Petr Olšák},
    title = {Kam se poděla dobrá typografie?},
    journal = {Mensa},
    number = {5},
    pages = {37\,--\,42},
    year = {1996},
}

@MastersThesis{Mensik2013,
    author = {Marek Menšík},
    title = {Fenomén knihtisku v renesanci},
    school = {Západočeská univerzita v Plzni},
    year = {2013},
    type = {Bakalářská práce},
}

@MastersThesis{Sirucek2006,
    author = {Michal Sirůček},
    title = {Pravidle české digitální typografie},
    school = {Vysoká škola ekonomická v Praze},
    year = {2006},
    type = {Bakalářská práce},
}